@article{FLAJOLET1985182,
title = "Probabilistic counting algorithms for data base applications",
journal = "Journal of Computer and System Sciences",
volume = "31",
number = "2",
pages = "182 - 209",
year = "1985",
issn = "0022-0000",
doi = "https://doi.org/10.1016/0022-0000(85)90041-8",
url = "http://www.sciencedirect.com/science/article/pii/0022000085900418",
author = "Philippe Flajolet and G. Nigel Martin"
}

@article{Kang:2011:HMR:1921632.1921634,
 author = {Kang, U. and Tsourakakis, Charalampos E. and Appel, Ana Paula and Faloutsos, Christos and Leskovec, Jure},
 title = {HADI: Mining Radii of Large Graphs},
 journal = {ACM Trans. Knowl. Discov. Data},
 issue_date = {February 2011},
 volume = {5},
 number = {2},
 month = feb,
 year = {2011},
 issn = {1556-4681},
 pages = {8:1--8:24},
 articleno = {8},
 numpages = {24},
 url = {http://doi.acm.org/10.1145/1921632.1921634},
 doi = {10.1145/1921632.1921634},
 acmid = {1921634},
 publisher = {ACM},
 address = {New York, NY, USA},
 keywords = {HADI, Radius plot, graph mining, hadoop, small web},
}
